%YAML 1.1
%TAG !u! tag:unity3d.com,2011:
--- !u!1 &145315857024987293
GameObject:
  m_ObjectHideFlags: 0
  m_CorrespondingSourceObject: {fileID: 0}
  m_PrefabInstance: {fileID: 0}
  m_PrefabAsset: {fileID: 0}
  serializedVersion: 6
  m_Component:
  - component: {fileID: 3220237230558768341}
  - component: {fileID: 5183666449911589766}
  m_Layer: 0
  m_Name: BloodlettingVisuals
  m_TagString: Untagged
  m_Icon: {fileID: 0}
  m_NavMeshLayer: 0
  m_StaticEditorFlags: 0
  m_IsActive: 1
--- !u!4 &3220237230558768341
Transform:
  m_ObjectHideFlags: 0
  m_CorrespondingSourceObject: {fileID: 0}
  m_PrefabInstance: {fileID: 0}
  m_PrefabAsset: {fileID: 0}
  m_GameObject: {fileID: 145315857024987293}
  m_LocalRotation: {x: 0, y: 0, z: 0, w: 1}
  m_LocalPosition: {x: 445.03647, y: 219.3425, z: -44.62804}
  m_LocalScale: {x: 1, y: 1, z: 1}
  m_Children:
  - {fileID: 5454039547133573071}
  m_Father: {fileID: 0}
  m_RootOrder: 0
  m_LocalEulerAnglesHint: {x: 0, y: 0, z: 0}
--- !u!114 &5183666449911589766
MonoBehaviour:
  m_ObjectHideFlags: 0
  m_CorrespondingSourceObject: {fileID: 0}
  m_PrefabInstance: {fileID: 0}
  m_PrefabAsset: {fileID: 0}
  m_GameObject: {fileID: 145315857024987293}
  m_Enabled: 1
  m_EditorHideFlags: 0
  m_Script: {fileID: 11500000, guid: 5b2d797d1d26c4245b34678e88d62afa, type: 3}
  m_Name: 
  m_EditorClassIdentifier: 
--- !u!1 &3205540084876739621
GameObject:
  m_ObjectHideFlags: 0
  m_CorrespondingSourceObject: {fileID: 0}
  m_PrefabInstance: {fileID: 0}
  m_PrefabAsset: {fileID: 0}
  serializedVersion: 6
  m_Component:
  - component: {fileID: 5454039547133573071}
  - component: {fileID: 3869998198033528060}
  - component: {fileID: 3032818451338985190}
  - component: {fileID: 3935202156003831346}
  - component: {fileID: 2990136712930100121}
  - component: {fileID: 3231701442503453592}
  - component: {fileID: 8277956021528295378}
  - component: {fileID: 5776974930795886701}
  - component: {fileID: 5775092868267296667}
  - component: {fileID: 4378494134907613539}
  m_Layer: 0
  m_Name: visuals
  m_TagString: Untagged
  m_Icon: {fileID: 0}
  m_NavMeshLayer: 0
  m_StaticEditorFlags: 0
  m_IsActive: 1
--- !u!4 &5454039547133573071
Transform:
  m_ObjectHideFlags: 0
  m_CorrespondingSourceObject: {fileID: 0}
  m_PrefabInstance: {fileID: 0}
  m_PrefabAsset: {fileID: 0}
  m_GameObject: {fileID: 3205540084876739621}
  m_LocalRotation: {x: 0, y: 0, z: 0, w: 1}
  m_LocalPosition: {x: 0, y: 0, z: 0}
  m_LocalScale: {x: 1, y: 1, z: 1}
  m_Children: []
  m_Father: {fileID: 3220237230558768341}
  m_RootOrder: 0
  m_LocalEulerAnglesHint: {x: 0, y: 0, z: 0}
--- !u!114 &3869998198033528060
MonoBehaviour:
  m_ObjectHideFlags: 0
  m_CorrespondingSourceObject: {fileID: 0}
  m_PrefabInstance: {fileID: 0}
  m_PrefabAsset: {fileID: 0}
  m_GameObject: {fileID: 3205540084876739621}
  m_Enabled: 1
  m_EditorHideFlags: 0
  m_Script: {fileID: 11500000, guid: 350d2bcff365e6f40bee3a0961dd418e, type: 3}
  m_Name: 
  m_EditorClassIdentifier: 
  delay: 0
  color: {r: 1.6470587, g: 0, b: 0.8776781, a: 0}
--- !u!114 &3032818451338985190
MonoBehaviour:
  m_ObjectHideFlags: 0
  m_CorrespondingSourceObject: {fileID: 0}
  m_PrefabInstance: {fileID: 0}
  m_PrefabAsset: {fileID: 0}
  m_GameObject: {fileID: 3205540084876739621}
  m_Enabled: 1
  m_EditorHideFlags: 0
  m_Script: {fileID: 11500000, guid: cc87b522007f29347bfd74b788a57409, type: 3}
  m_Name: 
  m_EditorClassIdentifier: 
  delay: 0
--- !u!114 &3935202156003831346
MonoBehaviour:
  m_ObjectHideFlags: 0
  m_CorrespondingSourceObject: {fileID: 0}
  m_PrefabInstance: {fileID: 0}
  m_PrefabAsset: {fileID: 0}
  m_GameObject: {fileID: 3205540084876739621}
  m_Enabled: 1
  m_EditorHideFlags: 0
  m_Script: {fileID: 11500000, guid: 4068d91511e08954a9ac3f7264106c57, type: 3}
  m_Name: 
  m_EditorClassIdentifier: 
  delay: 2.5
  serializedTargetType: 2
--- !u!114 &2990136712930100121
MonoBehaviour:
  m_ObjectHideFlags: 0
  m_CorrespondingSourceObject: {fileID: 0}
  m_PrefabInstance: {fileID: 0}
  m_PrefabAsset: {fileID: 0}
  m_GameObject: {fileID: 3205540084876739621}
  m_Enabled: 1
  m_EditorHideFlags: 0
  m_Script: {fileID: 11500000, guid: edf24160c15908e44aecf5c249505927, type: 3}
  m_Name: 
  m_EditorClassIdentifier: 
  delay: 2.5
  transitionInTime: 0.1
  duration: 0.25
  transitionOutTime: 0.25
  prefab: {fileID: 170201290892155183, guid: 29593a9acc49afb4a98549762b7628f6, type: 3}
  yOffset: 0.75
  xOffset: 0
  _targetType: 1
--- !u!114 &3231701442503453592
MonoBehaviour:
  m_ObjectHideFlags: 0
  m_CorrespondingSourceObject: {fileID: 0}
  m_PrefabInstance: {fileID: 0}
  m_PrefabAsset: {fileID: 0}
  m_GameObject: {fileID: 3205540084876739621}
  m_Enabled: 1
  m_EditorHideFlags: 0
  m_Script: {fileID: 11500000, guid: 14e4736b204bd7d47ad78167e1bab1df, type: 3}
  m_Name: 
  m_EditorClassIdentifier: 
  delay: 2.5
  prefab: {fileID: 1498339796755349539, guid: 0aac717dae3145844a4b26881e25f8d9, type: 3}
  yOffset: 0.75
  cameraFollow: 0
  randomRotation: 0
  _targetType: 1
--- !u!114 &8277956021528295378
MonoBehaviour:
  m_ObjectHideFlags: 0
  m_CorrespondingSourceObject: {fileID: 0}
  m_PrefabInstance: {fileID: 0}
  m_PrefabAsset: {fileID: 0}
  m_GameObject: {fileID: 3205540084876739621}
  m_Enabled: 1
  m_EditorHideFlags: 0
  m_Script: {fileID: 11500000, guid: edf24160c15908e44aecf5c249505927, type: 3}
  m_Name: 
  m_EditorClassIdentifier: 
  delay: 3.25
  transitionInTime: 0
  duration: 0.1
  transitionOutTime: 0
  prefab: {fileID: 8880275424521490374, guid: d1ac2a70cc6d6e541a0a466b16fafade, type: 3}
  yOffset: 0.75
  xOffset: 0
  _targetType: 2
--- !u!114 &5776974930795886701
MonoBehaviour:
  m_ObjectHideFlags: 0
  m_CorrespondingSourceObject: {fileID: 0}
  m_PrefabInstance: {fileID: 0}
  m_PrefabAsset: {fileID: 0}
  m_GameObject: {fileID: 3205540084876739621}
  m_Enabled: 1
  m_EditorHideFlags: 0
  m_Script: {fileID: 11500000, guid: edf24160c15908e44aecf5c249505927, type: 3}
  m_Name: 
  m_EditorClassIdentifier: 
  delay: 3.4
  transitionInTime: 0
  duration: 0.1
  transitionOutTime: 0.25
  prefab: {fileID: 8880275424521490374, guid: d1ac2a70cc6d6e541a0a466b16fafade, type: 3}
  yOffset: 0.75
  xOffset: 0
  _targetType: 1
--- !u!114 &5775092868267296667
MonoBehaviour:
  m_ObjectHideFlags: 0
  m_CorrespondingSourceObject: {fileID: 0}
  m_PrefabInstance: {fileID: 0}
  m_PrefabAsset: {fileID: 0}
  m_GameObject: {fileID: 3205540084876739621}
  m_Enabled: 1
  m_EditorHideFlags: 0
  m_Script: {fileID: 11500000, guid: dcadc9090a8f88f46934b22dfd806b79, type: 3}
  m_Name: 
  m_EditorClassIdentifier: 
  delay: 3.4
  duration: 0.2
  magnitude: 0.01
--- !u!114 &4378494134907613539
MonoBehaviour:
  m_ObjectHideFlags: 0
  m_CorrespondingSourceObject: {fileID: 0}
  m_PrefabInstance: {fileID: 0}
  m_PrefabAsset: {fileID: 0}
  m_GameObject: {fileID: 3205540084876739621}
  m_Enabled: 1
  m_EditorHideFlags: 0
  m_Script: {fileID: 11500000, guid: f0e19e5d790800247bb685c1e33f06db, type: 3}
  m_Name: 
  m_EditorClassIdentifier: 
  delay: 3.4
  prefab: {fileID: 6972755981263882518, guid: 8ba040e7b986f5348b29dc99f7e697d9, type: 3}
  yOffset: 0.75
  cameraFollow: 0
  randomRotation: 0
  _targetType: 1
