%YAML 1.1
%TAG !u! tag:unity3d.com,2011:
--- !u!1 &2728203755601626183
GameObject:
  m_ObjectHideFlags: 0
  m_CorrespondingSourceObject: {fileID: 0}
  m_PrefabInstance: {fileID: 0}
  m_PrefabAsset: {fileID: 0}
  serializedVersion: 6
  m_Component:
  - component: {fileID: 6675465713039461602}
  - component: {fileID: 7464779947629690359}
  - component: {fileID: 7130987974278621529}
  - component: {fileID: 7137724423340482274}
  m_Layer: 0
  m_Name: Visuals
  m_TagString: Untagged
  m_Icon: {fileID: 0}
  m_NavMeshLayer: 0
  m_StaticEditorFlags: 0
  m_IsActive: 1
--- !u!4 &6675465713039461602
Transform:
  m_ObjectHideFlags: 0
  m_CorrespondingSourceObject: {fileID: 0}
  m_PrefabInstance: {fileID: 0}
  m_PrefabAsset: {fileID: 0}
  m_GameObject: {fileID: 2728203755601626183}
  m_LocalRotation: {x: 0, y: 0, z: 0, w: 1}
  m_LocalPosition: {x: 0, y: 0, z: 0}
  m_LocalScale: {x: 1, y: 1, z: 1}
  m_Children: []
  m_Father: {fileID: 1431535897319172472}
  m_RootOrder: 0
  m_LocalEulerAnglesHint: {x: 0, y: 0, z: 0}
--- !u!114 &7464779947629690359
MonoBehaviour:
  m_ObjectHideFlags: 0
  m_CorrespondingSourceObject: {fileID: 0}
  m_PrefabInstance: {fileID: 0}
  m_PrefabAsset: {fileID: 0}
  m_GameObject: {fileID: 2728203755601626183}
  m_Enabled: 1
  m_EditorHideFlags: 0
  m_Script: {fileID: 11500000, guid: c6355e7c143735343bab1de8cd558d3d, type: 3}
  m_Name: 
  m_EditorClassIdentifier: 
  delay: 0
  actionType: 1
--- !u!114 &7130987974278621529
MonoBehaviour:
  m_ObjectHideFlags: 0
  m_CorrespondingSourceObject: {fileID: 0}
  m_PrefabInstance: {fileID: 0}
  m_PrefabAsset: {fileID: 0}
  m_GameObject: {fileID: 2728203755601626183}
  m_Enabled: 1
  m_EditorHideFlags: 0
  m_Script: {fileID: 11500000, guid: 14e4736b204bd7d47ad78167e1bab1df, type: 3}
  m_Name: 
  m_EditorClassIdentifier: 
  delay: 0.8
  prefab: {fileID: 4957404088431457591, guid: f06f3bda5c88c4d49b278d32763797bd, type: 3}
  yOffset: 0.7
  cameraFollow: 0
  _targetType: 2
--- !u!114 &7137724423340482274
MonoBehaviour:
  m_ObjectHideFlags: 0
  m_CorrespondingSourceObject: {fileID: 0}
  m_PrefabInstance: {fileID: 0}
  m_PrefabAsset: {fileID: 0}
  m_GameObject: {fileID: 2728203755601626183}
  m_Enabled: 1
  m_EditorHideFlags: 0
  m_Script: {fileID: 11500000, guid: 82a351552f8cf0f4ebdb97011016e940, type: 3}
  m_Name: 
  m_EditorClassIdentifier: 
  delay: 2.8
  material: {fileID: 2100000, guid: b2179adb98fc5224e9d95109511d850f, type: 2}
  duration: 0.3
  _targetType: 1
--- !u!1 &3057969318758188550
GameObject:
  m_ObjectHideFlags: 0
  m_CorrespondingSourceObject: {fileID: 0}
  m_PrefabInstance: {fileID: 0}
  m_PrefabAsset: {fileID: 0}
  serializedVersion: 6
  m_Component:
  - component: {fileID: 1431535897319172472}
  - component: {fileID: 8809821344686499229}
  m_Layer: 0
  m_Name: ShieldsUpVisuals
  m_TagString: Untagged
  m_Icon: {fileID: 0}
  m_NavMeshLayer: 0
  m_StaticEditorFlags: 0
  m_IsActive: 1
--- !u!4 &1431535897319172472
Transform:
  m_ObjectHideFlags: 0
  m_CorrespondingSourceObject: {fileID: 0}
  m_PrefabInstance: {fileID: 0}
  m_PrefabAsset: {fileID: 0}
  m_GameObject: {fileID: 3057969318758188550}
  m_LocalRotation: {x: 0, y: 0, z: 0, w: 1}
  m_LocalPosition: {x: 0.16768458, y: 2.8737922, z: 366.05432}
  m_LocalScale: {x: 1, y: 1, z: 1}
  m_Children:
  - {fileID: 6675465713039461602}
  m_Father: {fileID: 0}
  m_RootOrder: 0
  m_LocalEulerAnglesHint: {x: 0, y: 0, z: 0}
--- !u!114 &8809821344686499229
MonoBehaviour:
  m_ObjectHideFlags: 0
  m_CorrespondingSourceObject: {fileID: 0}
  m_PrefabInstance: {fileID: 0}
  m_PrefabAsset: {fileID: 0}
  m_GameObject: {fileID: 3057969318758188550}
  m_Enabled: 1
  m_EditorHideFlags: 0
  m_Script: {fileID: 11500000, guid: 5b2d797d1d26c4245b34678e88d62afa, type: 3}
  m_Name: 
  m_EditorClassIdentifier: 
