%YAML 1.1
%TAG !u! tag:unity3d.com,2011:
--- !u!1 &3798187980391554878
GameObject:
  m_ObjectHideFlags: 0
  m_CorrespondingSourceObject: {fileID: 0}
  m_PrefabInstance: {fileID: 0}
  m_PrefabAsset: {fileID: 0}
  serializedVersion: 6
  m_Component:
  - component: {fileID: 266086941806884921}
  - component: {fileID: 2026960526328291702}
  m_Layer: 0
  m_Name: vis_bandage
  m_TagString: Untagged
  m_Icon: {fileID: 0}
  m_NavMeshLayer: 0
  m_StaticEditorFlags: 0
  m_IsActive: 1
--- !u!4 &266086941806884921
Transform:
  m_ObjectHideFlags: 0
  m_CorrespondingSourceObject: {fileID: 0}
  m_PrefabInstance: {fileID: 0}
  m_PrefabAsset: {fileID: 0}
  m_GameObject: {fileID: 3798187980391554878}
  m_LocalRotation: {x: 0, y: 0, z: 0, w: 1}
  m_LocalPosition: {x: -2.4503217, y: -0.944206, z: 159.0166}
  m_LocalScale: {x: 1, y: 1, z: 1}
  m_Children:
  - {fileID: 769709019103185944}
  m_Father: {fileID: 0}
  m_RootOrder: 0
  m_LocalEulerAnglesHint: {x: 0, y: 0, z: 0}
--- !u!114 &2026960526328291702
MonoBehaviour:
  m_ObjectHideFlags: 0
  m_CorrespondingSourceObject: {fileID: 0}
  m_PrefabInstance: {fileID: 0}
  m_PrefabAsset: {fileID: 0}
  m_GameObject: {fileID: 3798187980391554878}
  m_Enabled: 1
  m_EditorHideFlags: 0
  m_Script: {fileID: 11500000, guid: 5b2d797d1d26c4245b34678e88d62afa, type: 3}
  m_Name: 
  m_EditorClassIdentifier: 
--- !u!1 &7610774096857798426
GameObject:
  m_ObjectHideFlags: 0
  m_CorrespondingSourceObject: {fileID: 0}
  m_PrefabInstance: {fileID: 0}
  m_PrefabAsset: {fileID: 0}
  serializedVersion: 6
  m_Component:
  - component: {fileID: 769709019103185944}
  - component: {fileID: 4260532678266546491}
  - component: {fileID: 5891843012687974498}
  - component: {fileID: 7419013408492077191}
  - component: {fileID: 6015156110297465420}
  m_Layer: 0
  m_Name: visuals
  m_TagString: Untagged
  m_Icon: {fileID: 0}
  m_NavMeshLayer: 0
  m_StaticEditorFlags: 0
  m_IsActive: 1
--- !u!4 &769709019103185944
Transform:
  m_ObjectHideFlags: 0
  m_CorrespondingSourceObject: {fileID: 0}
  m_PrefabInstance: {fileID: 0}
  m_PrefabAsset: {fileID: 0}
  m_GameObject: {fileID: 7610774096857798426}
  m_LocalRotation: {x: 0, y: 0, z: 0, w: 1}
  m_LocalPosition: {x: 0, y: 0, z: 0}
  m_LocalScale: {x: 1, y: 1, z: 1}
  m_Children: []
  m_Father: {fileID: 266086941806884921}
  m_RootOrder: 0
  m_LocalEulerAnglesHint: {x: 0, y: 0, z: 0}
--- !u!114 &4260532678266546491
MonoBehaviour:
  m_ObjectHideFlags: 0
  m_CorrespondingSourceObject: {fileID: 0}
  m_PrefabInstance: {fileID: 0}
  m_PrefabAsset: {fileID: 0}
  m_GameObject: {fileID: 7610774096857798426}
  m_Enabled: 1
  m_EditorHideFlags: 0
  m_Script: {fileID: 11500000, guid: c6355e7c143735343bab1de8cd558d3d, type: 3}
  m_Name: 
  m_EditorClassIdentifier: 
  delay: 0.25
  actionType: 1
--- !u!114 &5891843012687974498
MonoBehaviour:
  m_ObjectHideFlags: 0
  m_CorrespondingSourceObject: {fileID: 0}
  m_PrefabInstance: {fileID: 0}
  m_PrefabAsset: {fileID: 0}
  m_GameObject: {fileID: 7610774096857798426}
  m_Enabled: 1
  m_EditorHideFlags: 0
  m_Script: {fileID: 11500000, guid: 861a9521df9ac9843b87a09e677a3843, type: 3}
  m_Name: 
  m_EditorClassIdentifier: 
  delay: 1
  prefab: {fileID: 6135704025931373092, guid: 8ee8b05bb5fb675479bec2fed09057ad, type: 3}
  yOffset: 1.3
  cameraFollow: 0
  randomRotation: 0
  _targetType: 4
  throwType: 1
  throwDelay: 0.75
  throwDuration: 0.1
  throwTargetYOffset: 0.75
--- !u!114 &7419013408492077191
MonoBehaviour:
  m_ObjectHideFlags: 0
  m_CorrespondingSourceObject: {fileID: 0}
  m_PrefabInstance: {fileID: 0}
  m_PrefabAsset: {fileID: 0}
  m_GameObject: {fileID: 7610774096857798426}
  m_Enabled: 1
  m_EditorHideFlags: 0
  m_Script: {fileID: 11500000, guid: 4068d91511e08954a9ac3f7264106c57, type: 3}
  m_Name: 
  m_EditorClassIdentifier: 
  delay: 1.75
  serializedTargetType: 1
--- !u!114 &6015156110297465420
MonoBehaviour:
  m_ObjectHideFlags: 0
  m_CorrespondingSourceObject: {fileID: 0}
  m_PrefabInstance: {fileID: 0}
  m_PrefabAsset: {fileID: 0}
  m_GameObject: {fileID: 7610774096857798426}
  m_Enabled: 1
  m_EditorHideFlags: 0
  m_Script: {fileID: 11500000, guid: f0e19e5d790800247bb685c1e33f06db, type: 3}
  m_Name: 
  m_EditorClassIdentifier: 
  delay: 1.85
  prefab: {fileID: 12082328765015919, guid: 85b3912df494cb74aa4736609ef67991, type: 3}
  yOffset: 1
  cameraFollow: 0
  randomRotation: 0
  _targetType: 2
