%YAML 1.1
%TAG !u! tag:unity3d.com,2011:
--- !u!1 &336693199666424437
GameObject:
  m_ObjectHideFlags: 0
  m_CorrespondingSourceObject: {fileID: 0}
  m_PrefabInstance: {fileID: 0}
  m_PrefabAsset: {fileID: 0}
  serializedVersion: 6
  m_Component:
  - component: {fileID: 8166667964429121113}
  - component: {fileID: 8734156822987541229}
  m_Layer: 0
  m_Name: HolyWeaponsVisuals
  m_TagString: Untagged
  m_Icon: {fileID: 0}
  m_NavMeshLayer: 0
  m_StaticEditorFlags: 0
  m_IsActive: 1
--- !u!4 &8166667964429121113
Transform:
  m_ObjectHideFlags: 0
  m_CorrespondingSourceObject: {fileID: 0}
  m_PrefabInstance: {fileID: 0}
  m_PrefabAsset: {fileID: 0}
  m_GameObject: {fileID: 336693199666424437}
  m_LocalRotation: {x: 0, y: 0, z: 0, w: 1}
  m_LocalPosition: {x: 598.14624, y: 264.77548, z: -126.375}
  m_LocalScale: {x: 1, y: 1, z: 1}
  m_Children:
  - {fileID: 305664933933499668}
  m_Father: {fileID: 0}
  m_RootOrder: 0
  m_LocalEulerAnglesHint: {x: 0, y: 0, z: 0}
--- !u!114 &8734156822987541229
MonoBehaviour:
  m_ObjectHideFlags: 0
  m_CorrespondingSourceObject: {fileID: 0}
  m_PrefabInstance: {fileID: 0}
  m_PrefabAsset: {fileID: 0}
  m_GameObject: {fileID: 336693199666424437}
  m_Enabled: 1
  m_EditorHideFlags: 0
  m_Script: {fileID: 11500000, guid: 5b2d797d1d26c4245b34678e88d62afa, type: 3}
  m_Name: 
  m_EditorClassIdentifier: 
--- !u!1 &1052637619053309779
GameObject:
  m_ObjectHideFlags: 0
  m_CorrespondingSourceObject: {fileID: 0}
  m_PrefabInstance: {fileID: 0}
  m_PrefabAsset: {fileID: 0}
  serializedVersion: 6
  m_Component:
  - component: {fileID: 305664933933499668}
  - component: {fileID: 8421286505890589917}
  - component: {fileID: 3562169293988824324}
  - component: {fileID: 2762841350118347536}
  - component: {fileID: 1846584333825401450}
  - component: {fileID: 3446043130372362845}
  - component: {fileID: 7176425417280564033}
  m_Layer: 0
  m_Name: visuals
  m_TagString: Untagged
  m_Icon: {fileID: 0}
  m_NavMeshLayer: 0
  m_StaticEditorFlags: 0
  m_IsActive: 1
--- !u!4 &305664933933499668
Transform:
  m_ObjectHideFlags: 0
  m_CorrespondingSourceObject: {fileID: 0}
  m_PrefabInstance: {fileID: 0}
  m_PrefabAsset: {fileID: 0}
  m_GameObject: {fileID: 1052637619053309779}
  m_LocalRotation: {x: 0, y: 0, z: 0, w: 1}
  m_LocalPosition: {x: 0, y: 0, z: 0}
  m_LocalScale: {x: 1, y: 1, z: 1}
  m_Children: []
  m_Father: {fileID: 8166667964429121113}
  m_RootOrder: 0
  m_LocalEulerAnglesHint: {x: 0, y: 0, z: 0}
--- !u!114 &8421286505890589917
MonoBehaviour:
  m_ObjectHideFlags: 0
  m_CorrespondingSourceObject: {fileID: 0}
  m_PrefabInstance: {fileID: 0}
  m_PrefabAsset: {fileID: 0}
  m_GameObject: {fileID: 1052637619053309779}
  m_Enabled: 1
  m_EditorHideFlags: 0
  m_Script: {fileID: 11500000, guid: 350d2bcff365e6f40bee3a0961dd418e, type: 3}
  m_Name: 
  m_EditorClassIdentifier: 
  delay: 0
  color: {r: 0, g: 1, b: 0.11251116, a: 0}
--- !u!114 &3562169293988824324
MonoBehaviour:
  m_ObjectHideFlags: 0
  m_CorrespondingSourceObject: {fileID: 0}
  m_PrefabInstance: {fileID: 0}
  m_PrefabAsset: {fileID: 0}
  m_GameObject: {fileID: 1052637619053309779}
  m_Enabled: 1
  m_EditorHideFlags: 0
  m_Script: {fileID: 11500000, guid: cc87b522007f29347bfd74b788a57409, type: 3}
  m_Name: 
  m_EditorClassIdentifier: 
  delay: 0
--- !u!114 &2762841350118347536
MonoBehaviour:
  m_ObjectHideFlags: 0
  m_CorrespondingSourceObject: {fileID: 0}
  m_PrefabInstance: {fileID: 0}
  m_PrefabAsset: {fileID: 0}
  m_GameObject: {fileID: 1052637619053309779}
  m_Enabled: 1
  m_EditorHideFlags: 0
  m_Script: {fileID: 11500000, guid: 14e4736b204bd7d47ad78167e1bab1df, type: 3}
  m_Name: 
  m_EditorClassIdentifier: 
  delay: 2.5
  prefab: {fileID: 722892082760627318, guid: 927e2673f64bd6948804cadd502745ee, type: 3}
  yOffset: 1.5
  cameraFollow: 1
  randomRotation: 0
  _targetType: 0
--- !u!114 &1846584333825401450
MonoBehaviour:
  m_ObjectHideFlags: 0
  m_CorrespondingSourceObject: {fileID: 0}
  m_PrefabInstance: {fileID: 0}
  m_PrefabAsset: {fileID: 0}
  m_GameObject: {fileID: 1052637619053309779}
  m_Enabled: 1
  m_EditorHideFlags: 0
  m_Script: {fileID: 11500000, guid: 4ae3251b52c423841a9a0f545d33075f, type: 3}
  m_Name: 
  m_EditorClassIdentifier: 
  delay: 3.375
  color: {r: 0.8443396, g: 0.98718095, b: 1, a: 0.2}
  transitionInTime: 0
  duration: 0
  transitionOutTime: 0.25
--- !u!114 &3446043130372362845
MonoBehaviour:
  m_ObjectHideFlags: 0
  m_CorrespondingSourceObject: {fileID: 0}
  m_PrefabInstance: {fileID: 0}
  m_PrefabAsset: {fileID: 0}
  m_GameObject: {fileID: 1052637619053309779}
  m_Enabled: 1
  m_EditorHideFlags: 0
  m_Script: {fileID: 11500000, guid: 82a351552f8cf0f4ebdb97011016e940, type: 3}
  m_Name: 
  m_EditorClassIdentifier: 
  delay: 4
  material: {fileID: 2100000, guid: 73beb08734881c84eb3d5d10dcfa84cc, type: 2}
  duration: 1
  _targetType: 1
--- !u!114 &7176425417280564033
MonoBehaviour:
  m_ObjectHideFlags: 0
  m_CorrespondingSourceObject: {fileID: 0}
  m_PrefabInstance: {fileID: 0}
  m_PrefabAsset: {fileID: 0}
  m_GameObject: {fileID: 1052637619053309779}
  m_Enabled: 1
  m_EditorHideFlags: 0
  m_Script: {fileID: 11500000, guid: f0e19e5d790800247bb685c1e33f06db, type: 3}
  m_Name: 
  m_EditorClassIdentifier: 
  delay: 3.75
  prefab: {fileID: 8241213355907517433, guid: 59e8db0ec12e7db4fb1f56e06d9a6237, type: 3}
  yOffset: -0.25
  cameraFollow: 0
  randomRotation: 0
  _targetType: 1
