%YAML 1.1
%TAG !u! tag:unity3d.com,2011:
--- !u!1 &7155261855536994090
GameObject:
  m_ObjectHideFlags: 0
  m_CorrespondingSourceObject: {fileID: 0}
  m_PrefabInstance: {fileID: 0}
  m_PrefabAsset: {fileID: 0}
  serializedVersion: 6
  m_Component:
  - component: {fileID: 6175483449414636147}
  - component: {fileID: 4574395309699588125}
  - component: {fileID: 1484578544985378559}
  - component: {fileID: 6873965927190018217}
  - component: {fileID: 4010849645724531162}
  - component: {fileID: 960809102034112614}
  - component: {fileID: 1004930430320524555}
  - component: {fileID: 9002842609140046317}
  m_Layer: 0
  m_Name: Visuals
  m_TagString: Untagged
  m_Icon: {fileID: 0}
  m_NavMeshLayer: 0
  m_StaticEditorFlags: 0
  m_IsActive: 1
--- !u!4 &6175483449414636147
Transform:
  m_ObjectHideFlags: 0
  m_CorrespondingSourceObject: {fileID: 0}
  m_PrefabInstance: {fileID: 0}
  m_PrefabAsset: {fileID: 0}
  m_GameObject: {fileID: 7155261855536994090}
  m_LocalRotation: {x: 0, y: 0, z: 0, w: 1}
  m_LocalPosition: {x: 0, y: 0, z: 0}
  m_LocalScale: {x: 1, y: 1, z: 1}
  m_Children: []
  m_Father: {fileID: 2232065621936901642}
  m_RootOrder: 0
  m_LocalEulerAnglesHint: {x: 0, y: 0, z: 0}
--- !u!114 &4574395309699588125
MonoBehaviour:
  m_ObjectHideFlags: 0
  m_CorrespondingSourceObject: {fileID: 0}
  m_PrefabInstance: {fileID: 0}
  m_PrefabAsset: {fileID: 0}
  m_GameObject: {fileID: 7155261855536994090}
  m_Enabled: 1
  m_EditorHideFlags: 0
  m_Script: {fileID: 11500000, guid: c6355e7c143735343bab1de8cd558d3d, type: 3}
  m_Name: 
  m_EditorClassIdentifier: 
  _onHitOnly: 0
  delay: 0
  actionType: 0
--- !u!114 &1484578544985378559
MonoBehaviour:
  m_ObjectHideFlags: 0
  m_CorrespondingSourceObject: {fileID: 0}
  m_PrefabInstance: {fileID: 0}
  m_PrefabAsset: {fileID: 0}
  m_GameObject: {fileID: 7155261855536994090}
  m_Enabled: 1
  m_EditorHideFlags: 0
  m_Script: {fileID: 11500000, guid: 14e4736b204bd7d47ad78167e1bab1df, type: 3}
  m_Name: 
  m_EditorClassIdentifier: 
  _onHitOnly: 0
  delay: 1
  prefab: {fileID: 8601925076011571866, guid: 0e1659fcaba3aa846976d9da51d06d52, type: 3}
  yOffset: 0.75
  cameraFollow: 0
  randomRotation: 0
  _targetType: 1
--- !u!114 &6873965927190018217
MonoBehaviour:
  m_ObjectHideFlags: 0
  m_CorrespondingSourceObject: {fileID: 0}
  m_PrefabInstance: {fileID: 0}
  m_PrefabAsset: {fileID: 0}
  m_GameObject: {fileID: 7155261855536994090}
  m_Enabled: 1
  m_EditorHideFlags: 0
  m_Script: {fileID: 11500000, guid: edf24160c15908e44aecf5c249505927, type: 3}
  m_Name: 
  m_EditorClassIdentifier: 
  _onHitOnly: 0
  delay: 1.2
  transitionInTime: 0
  duration: 0.1
  transitionOutTime: 0.1
  prefab: {fileID: 2598715639844196857, guid: 06f70d891a12b6049af1b7af76b2596a, type: 3}
  yOffset: 0.75
  xOffset: 0
  _targetType: 1
--- !u!114 &4010849645724531162
MonoBehaviour:
  m_ObjectHideFlags: 0
  m_CorrespondingSourceObject: {fileID: 0}
  m_PrefabInstance: {fileID: 0}
  m_PrefabAsset: {fileID: 0}
  m_GameObject: {fileID: 7155261855536994090}
  m_Enabled: 1
  m_EditorHideFlags: 0
  m_Script: {fileID: 11500000, guid: edf24160c15908e44aecf5c249505927, type: 3}
  m_Name: 
  m_EditorClassIdentifier: 
  _onHitOnly: 0
  delay: 1.7
  transitionInTime: 0
  duration: 0.1
  transitionOutTime: 0.2
  prefab: {fileID: 2598715639844196857, guid: 06f70d891a12b6049af1b7af76b2596a, type: 3}
  yOffset: 0.75
  xOffset: 0
  _targetType: 1
--- !u!114 &960809102034112614
MonoBehaviour:
  m_ObjectHideFlags: 0
  m_CorrespondingSourceObject: {fileID: 0}
  m_PrefabInstance: {fileID: 0}
  m_PrefabAsset: {fileID: 0}
  m_GameObject: {fileID: 7155261855536994090}
  m_Enabled: 1
  m_EditorHideFlags: 0
  m_Script: {fileID: 11500000, guid: cc87b522007f29347bfd74b788a57409, type: 3}
  m_Name: 
  m_EditorClassIdentifier: 
  _onHitOnly: 0
  delay: 0
--- !u!114 &1004930430320524555
MonoBehaviour:
  m_ObjectHideFlags: 0
  m_CorrespondingSourceObject: {fileID: 0}
  m_PrefabInstance: {fileID: 0}
  m_PrefabAsset: {fileID: 0}
  m_GameObject: {fileID: 7155261855536994090}
  m_Enabled: 1
  m_EditorHideFlags: 0
  m_Script: {fileID: 11500000, guid: dcadc9090a8f88f46934b22dfd806b79, type: 3}
  m_Name: 
  m_EditorClassIdentifier: 
  _onHitOnly: 0
  delay: 1.2
  duration: 0.1
  magnitude: 0.01
--- !u!114 &9002842609140046317
MonoBehaviour:
  m_ObjectHideFlags: 0
  m_CorrespondingSourceObject: {fileID: 0}
  m_PrefabInstance: {fileID: 0}
  m_PrefabAsset: {fileID: 0}
  m_GameObject: {fileID: 7155261855536994090}
  m_Enabled: 1
  m_EditorHideFlags: 0
  m_Script: {fileID: 11500000, guid: dcadc9090a8f88f46934b22dfd806b79, type: 3}
  m_Name: 
  m_EditorClassIdentifier: 
  _onHitOnly: 0
  delay: 1.7
  duration: 0.1
  magnitude: 0.02
--- !u!1 &8690068840206954939
GameObject:
  m_ObjectHideFlags: 0
  m_CorrespondingSourceObject: {fileID: 0}
  m_PrefabInstance: {fileID: 0}
  m_PrefabAsset: {fileID: 0}
  serializedVersion: 6
  m_Component:
  - component: {fileID: 2232065621936901642}
  - component: {fileID: 2245536029739044395}
  m_Layer: 0
  m_Name: VP_KillingBlow
  m_TagString: Untagged
  m_Icon: {fileID: 0}
  m_NavMeshLayer: 0
  m_StaticEditorFlags: 0
  m_IsActive: 1
--- !u!4 &2232065621936901642
Transform:
  m_ObjectHideFlags: 0
  m_CorrespondingSourceObject: {fileID: 0}
  m_PrefabInstance: {fileID: 0}
  m_PrefabAsset: {fileID: 0}
  m_GameObject: {fileID: 8690068840206954939}
  m_LocalRotation: {x: 0, y: 0, z: 0, w: 1}
  m_LocalPosition: {x: 510.638, y: 256.50574, z: -117.30553}
  m_LocalScale: {x: 1, y: 1, z: 1}
  m_Children:
  - {fileID: 6175483449414636147}
  m_Father: {fileID: 0}
  m_RootOrder: 0
  m_LocalEulerAnglesHint: {x: 0, y: 0, z: 0}
--- !u!114 &2245536029739044395
MonoBehaviour:
  m_ObjectHideFlags: 0
  m_CorrespondingSourceObject: {fileID: 0}
  m_PrefabInstance: {fileID: 0}
  m_PrefabAsset: {fileID: 0}
  m_GameObject: {fileID: 8690068840206954939}
  m_Enabled: 1
  m_EditorHideFlags: 0
  m_Script: {fileID: 11500000, guid: 5b2d797d1d26c4245b34678e88d62afa, type: 3}
  m_Name: 
  m_EditorClassIdentifier: 
