%YAML 1.1
%TAG !u! tag:unity3d.com,2011:
--- !u!1 &5721038187191184978
GameObject:
  m_ObjectHideFlags: 0
  m_CorrespondingSourceObject: {fileID: 0}
  m_PrefabInstance: {fileID: 0}
  m_PrefabAsset: {fileID: 0}
  serializedVersion: 6
  m_Component:
  - component: {fileID: 266682371966211284}
  - component: {fileID: 924859540476315253}
  - component: {fileID: 6343292032860284744}
  - component: {fileID: 3409041876165524979}
  - component: {fileID: 3784075478806084328}
  - component: {fileID: 2626687654049188548}
  m_Layer: 0
  m_Name: visuals
  m_TagString: Untagged
  m_Icon: {fileID: 0}
  m_NavMeshLayer: 0
  m_StaticEditorFlags: 0
  m_IsActive: 1
--- !u!4 &266682371966211284
Transform:
  m_ObjectHideFlags: 0
  m_CorrespondingSourceObject: {fileID: 0}
  m_PrefabInstance: {fileID: 0}
  m_PrefabAsset: {fileID: 0}
  m_GameObject: {fileID: 5721038187191184978}
  m_LocalRotation: {x: 0, y: 0, z: 0, w: 1}
  m_LocalPosition: {x: 0, y: 0, z: 0}
  m_LocalScale: {x: 1, y: 1, z: 1}
  m_Children: []
  m_Father: {fileID: 4838063008583583246}
  m_RootOrder: 0
  m_LocalEulerAnglesHint: {x: 0, y: 0, z: 0}
--- !u!114 &924859540476315253
MonoBehaviour:
  m_ObjectHideFlags: 0
  m_CorrespondingSourceObject: {fileID: 0}
  m_PrefabInstance: {fileID: 0}
  m_PrefabAsset: {fileID: 0}
  m_GameObject: {fileID: 5721038187191184978}
  m_Enabled: 1
  m_EditorHideFlags: 0
  m_Script: {fileID: 11500000, guid: c6355e7c143735343bab1de8cd558d3d, type: 3}
  m_Name: 
  m_EditorClassIdentifier: 
  _onHitOnly: 0
  delay: 0
  actionType: 1
--- !u!114 &6343292032860284744
MonoBehaviour:
  m_ObjectHideFlags: 0
  m_CorrespondingSourceObject: {fileID: 0}
  m_PrefabInstance: {fileID: 0}
  m_PrefabAsset: {fileID: 0}
  m_GameObject: {fileID: 5721038187191184978}
  m_Enabled: 1
  m_EditorHideFlags: 0
  m_Script: {fileID: 11500000, guid: 14e4736b204bd7d47ad78167e1bab1df, type: 3}
  m_Name: 
  m_EditorClassIdentifier: 
  _onHitOnly: 0
  delay: 0.8
  prefab: {fileID: 8265007596211141789, guid: c8d9880ccf84c9741bc62de46d7eedb0, type: 3}
  yOffset: 0.75
  cameraFollow: 0
  randomRotation: 0
  _targetType: 1
--- !u!114 &3409041876165524979
MonoBehaviour:
  m_ObjectHideFlags: 0
  m_CorrespondingSourceObject: {fileID: 0}
  m_PrefabInstance: {fileID: 0}
  m_PrefabAsset: {fileID: 0}
  m_GameObject: {fileID: 5721038187191184978}
  m_Enabled: 1
  m_EditorHideFlags: 0
  m_Script: {fileID: 11500000, guid: edf24160c15908e44aecf5c249505927, type: 3}
  m_Name: 
  m_EditorClassIdentifier: 
  _onHitOnly: 0
  delay: 0.8
  transitionInTime: 0
  duration: 0.1
  transitionOutTime: 0.1
  prefab: {fileID: 6459285658480651823, guid: d3c3c65eaaaa78141b691b573e1dd414, type: 3}
  yOffset: 0.75
  xOffset: 0
  _targetType: 1
--- !u!114 &3784075478806084328
MonoBehaviour:
  m_ObjectHideFlags: 0
  m_CorrespondingSourceObject: {fileID: 0}
  m_PrefabInstance: {fileID: 0}
  m_PrefabAsset: {fileID: 0}
  m_GameObject: {fileID: 5721038187191184978}
  m_Enabled: 1
  m_EditorHideFlags: 0
  m_Script: {fileID: 11500000, guid: dcadc9090a8f88f46934b22dfd806b79, type: 3}
  m_Name: 
  m_EditorClassIdentifier: 
  _onHitOnly: 0
  delay: 0.8
  duration: 0.1
  magnitude: 0.02
--- !u!114 &2626687654049188548
MonoBehaviour:
  m_ObjectHideFlags: 0
  m_CorrespondingSourceObject: {fileID: 0}
  m_PrefabInstance: {fileID: 0}
  m_PrefabAsset: {fileID: 0}
  m_GameObject: {fileID: 5721038187191184978}
  m_Enabled: 1
  m_EditorHideFlags: 0
  m_Script: {fileID: 11500000, guid: cc87b522007f29347bfd74b788a57409, type: 3}
  m_Name: 
  m_EditorClassIdentifier: 
  _onHitOnly: 0
  delay: 0
--- !u!1 &8584395976604126289
GameObject:
  m_ObjectHideFlags: 0
  m_CorrespondingSourceObject: {fileID: 0}
  m_PrefabInstance: {fileID: 0}
  m_PrefabAsset: {fileID: 0}
  serializedVersion: 6
  m_Component:
  - component: {fileID: 4838063008583583246}
  - component: {fileID: 8959875972231415300}
  m_Layer: 0
  m_Name: VP_Ignite
  m_TagString: Untagged
  m_Icon: {fileID: 0}
  m_NavMeshLayer: 0
  m_StaticEditorFlags: 0
  m_IsActive: 1
--- !u!4 &4838063008583583246
Transform:
  m_ObjectHideFlags: 0
  m_CorrespondingSourceObject: {fileID: 0}
  m_PrefabInstance: {fileID: 0}
  m_PrefabAsset: {fileID: 0}
  m_GameObject: {fileID: 8584395976604126289}
  m_LocalRotation: {x: 0, y: 0, z: 0, w: 1}
  m_LocalPosition: {x: 684.8828, y: 327.7429, z: -167.13103}
  m_LocalScale: {x: 1, y: 1, z: 1}
  m_Children:
  - {fileID: 266682371966211284}
  m_Father: {fileID: 0}
  m_RootOrder: 0
  m_LocalEulerAnglesHint: {x: 0, y: 0, z: 0}
--- !u!114 &8959875972231415300
MonoBehaviour:
  m_ObjectHideFlags: 0
  m_CorrespondingSourceObject: {fileID: 0}
  m_PrefabInstance: {fileID: 0}
  m_PrefabAsset: {fileID: 0}
  m_GameObject: {fileID: 8584395976604126289}
  m_Enabled: 1
  m_EditorHideFlags: 0
  m_Script: {fileID: 11500000, guid: 5b2d797d1d26c4245b34678e88d62afa, type: 3}
  m_Name: 
  m_EditorClassIdentifier: 
