%YAML 1.1
%TAG !u! tag:unity3d.com,2011:
--- !u!1 &537022494134349327
GameObject:
  m_ObjectHideFlags: 0
  m_CorrespondingSourceObject: {fileID: 0}
  m_PrefabInstance: {fileID: 0}
  m_PrefabAsset: {fileID: 0}
  serializedVersion: 6
  m_Component:
  - component: {fileID: 2764114555483616170}
  - component: {fileID: -2046087994937840418}
  m_Layer: 0
  m_Name: ThunderVisuals
  m_TagString: Untagged
  m_Icon: {fileID: 0}
  m_NavMeshLayer: 0
  m_StaticEditorFlags: 0
  m_IsActive: 1
--- !u!4 &2764114555483616170
Transform:
  m_ObjectHideFlags: 0
  m_CorrespondingSourceObject: {fileID: 0}
  m_PrefabInstance: {fileID: 0}
  m_PrefabAsset: {fileID: 0}
  m_GameObject: {fileID: 537022494134349327}
  m_LocalRotation: {x: 0, y: 0, z: 0, w: 1}
  m_LocalPosition: {x: -0.47538453, y: -0.4682366, z: 147.69768}
  m_LocalScale: {x: 1, y: 1, z: 1}
  m_Children:
  - {fileID: 7845169082586427666}
  m_Father: {fileID: 0}
  m_RootOrder: 0
  m_LocalEulerAnglesHint: {x: 0, y: 0, z: 0}
--- !u!114 &-2046087994937840418
MonoBehaviour:
  m_ObjectHideFlags: 0
  m_CorrespondingSourceObject: {fileID: 0}
  m_PrefabInstance: {fileID: 0}
  m_PrefabAsset: {fileID: 0}
  m_GameObject: {fileID: 537022494134349327}
  m_Enabled: 1
  m_EditorHideFlags: 0
  m_Script: {fileID: 11500000, guid: 5b2d797d1d26c4245b34678e88d62afa, type: 3}
  m_Name: 
  m_EditorClassIdentifier: 
--- !u!1 &3100658880743140292
GameObject:
  m_ObjectHideFlags: 0
  m_CorrespondingSourceObject: {fileID: 0}
  m_PrefabInstance: {fileID: 0}
  m_PrefabAsset: {fileID: 0}
  serializedVersion: 6
  m_Component:
  - component: {fileID: 7845169082586427666}
  - component: {fileID: 222140577934619253}
  - component: {fileID: 3718979284572890911}
  - component: {fileID: 1663352550748404589}
  - component: {fileID: 5989739823352746377}
  - component: {fileID: 1743030086524517781}
  - component: {fileID: 5639222493894268519}
  - component: {fileID: 782055076382884462}
  m_Layer: 0
  m_Name: visuals
  m_TagString: Untagged
  m_Icon: {fileID: 0}
  m_NavMeshLayer: 0
  m_StaticEditorFlags: 0
  m_IsActive: 1
--- !u!4 &7845169082586427666
Transform:
  m_ObjectHideFlags: 0
  m_CorrespondingSourceObject: {fileID: 0}
  m_PrefabInstance: {fileID: 0}
  m_PrefabAsset: {fileID: 0}
  m_GameObject: {fileID: 3100658880743140292}
  m_LocalRotation: {x: 0, y: 0, z: 0, w: 1}
  m_LocalPosition: {x: 0, y: 0, z: 0}
  m_LocalScale: {x: 1, y: 1, z: 1}
  m_Children: []
  m_Father: {fileID: 2764114555483616170}
  m_RootOrder: 0
  m_LocalEulerAnglesHint: {x: 0, y: 0, z: 0}
--- !u!114 &222140577934619253
MonoBehaviour:
  m_ObjectHideFlags: 0
  m_CorrespondingSourceObject: {fileID: 0}
  m_PrefabInstance: {fileID: 0}
  m_PrefabAsset: {fileID: 0}
  m_GameObject: {fileID: 3100658880743140292}
  m_Enabled: 1
  m_EditorHideFlags: 0
  m_Script: {fileID: 11500000, guid: 350d2bcff365e6f40bee3a0961dd418e, type: 3}
  m_Name: 
  m_EditorClassIdentifier: 
  delay: 0
  color: {r: 0, g: 1.8352941, b: 3.4039216, a: 0}
--- !u!114 &3718979284572890911
MonoBehaviour:
  m_ObjectHideFlags: 0
  m_CorrespondingSourceObject: {fileID: 0}
  m_PrefabInstance: {fileID: 0}
  m_PrefabAsset: {fileID: 0}
  m_GameObject: {fileID: 3100658880743140292}
  m_Enabled: 1
  m_EditorHideFlags: 0
  m_Script: {fileID: 11500000, guid: cc87b522007f29347bfd74b788a57409, type: 3}
  m_Name: 
  m_EditorClassIdentifier: 
  delay: 0
--- !u!114 &1663352550748404589
MonoBehaviour:
  m_ObjectHideFlags: 0
  m_CorrespondingSourceObject: {fileID: 0}
  m_PrefabInstance: {fileID: 0}
  m_PrefabAsset: {fileID: 0}
  m_GameObject: {fileID: 3100658880743140292}
  m_Enabled: 1
  m_EditorHideFlags: 0
  m_Script: {fileID: 11500000, guid: 4068d91511e08954a9ac3f7264106c57, type: 3}
  m_Name: 
  m_EditorClassIdentifier: 
  delay: 2.5
  serializedTargetType: 2
--- !u!114 &5989739823352746377
MonoBehaviour:
  m_ObjectHideFlags: 0
  m_CorrespondingSourceObject: {fileID: 0}
  m_PrefabInstance: {fileID: 0}
  m_PrefabAsset: {fileID: 0}
  m_GameObject: {fileID: 3100658880743140292}
  m_Enabled: 1
  m_EditorHideFlags: 0
  m_Script: {fileID: 11500000, guid: dcadc9090a8f88f46934b22dfd806b79, type: 3}
  m_Name: 
  m_EditorClassIdentifier: 
  delay: 3.2
  duration: 0.25
  magnitude: 0.05
--- !u!114 &1743030086524517781
MonoBehaviour:
  m_ObjectHideFlags: 0
  m_CorrespondingSourceObject: {fileID: 0}
  m_PrefabInstance: {fileID: 0}
  m_PrefabAsset: {fileID: 0}
  m_GameObject: {fileID: 3100658880743140292}
  m_Enabled: 1
  m_EditorHideFlags: 0
  m_Script: {fileID: 11500000, guid: f0e19e5d790800247bb685c1e33f06db, type: 3}
  m_Name: 
  m_EditorClassIdentifier: 
  delay: 3.2
  prefab: {fileID: 872311270296038234, guid: 5da7bf9580b083240a1ac0e19962c776, type: 3}
  yOffset: 0.5
  cameraFollow: 0
  randomRotation: 0
  _targetType: 2
--- !u!114 &5639222493894268519
MonoBehaviour:
  m_ObjectHideFlags: 0
  m_CorrespondingSourceObject: {fileID: 0}
  m_PrefabInstance: {fileID: 0}
  m_PrefabAsset: {fileID: 0}
  m_GameObject: {fileID: 3100658880743140292}
  m_Enabled: 1
  m_EditorHideFlags: 0
  m_Script: {fileID: 11500000, guid: 14e4736b204bd7d47ad78167e1bab1df, type: 3}
  m_Name: 
  m_EditorClassIdentifier: 
  delay: 3
  prefab: {fileID: 5155993255180155349, guid: 9ab8563436b17cb4cb95d35bce5b295e, type: 3}
  yOffset: 0
  cameraFollow: 0
  randomRotation: 0
  _targetType: 2
--- !u!114 &782055076382884462
MonoBehaviour:
  m_ObjectHideFlags: 0
  m_CorrespondingSourceObject: {fileID: 0}
  m_PrefabInstance: {fileID: 0}
  m_PrefabAsset: {fileID: 0}
  m_GameObject: {fileID: 3100658880743140292}
  m_Enabled: 1
  m_EditorHideFlags: 0
  m_Script: {fileID: 11500000, guid: 4ae3251b52c423841a9a0f545d33075f, type: 3}
  m_Name: 
  m_EditorClassIdentifier: 
  delay: 3.2
  color: {r: 1, g: 1, b: 1, a: 0.19607843}
  transitionInTime: 0
  duration: 0
  transitionOutTime: 0.5
